[gd_scene load_steps=12 format=3 uid="uid://bcxor1aliwe1a"]

[ext_resource type="Texture2D" uid="uid://btva2fgfskyty" path="res://assets/sprites/spritesheets/radio-indicator.png" id="1_dj81i"]

[sub_resource type="Animation" id="Animation_l22uy"]
length = 0.8
loop_mode = 1
tracks/0/type = "value"
tracks/0/imported = false
tracks/0/enabled = true
tracks/0/path = NodePath("Sprite2D:texture")
tracks/0/interp = 1
tracks/0/loop_wrap = false
tracks/0/keys = {
"times": PackedFloat32Array(0),
"transitions": PackedFloat32Array(1),
"update": 1,
"values": [ExtResource("1_dj81i")]
}
tracks/1/type = "value"
tracks/1/imported = false
tracks/1/enabled = true
tracks/1/path = NodePath("Sprite2D:hframes")
tracks/1/interp = 1
tracks/1/loop_wrap = false
tracks/1/keys = {
"times": PackedFloat32Array(0),
"transitions": PackedFloat32Array(1),
"update": 1,
"values": [3]
}
tracks/2/type = "value"
tracks/2/imported = false
tracks/2/enabled = true
tracks/2/path = NodePath("Sprite2D:vframes")
tracks/2/interp = 1
tracks/2/loop_wrap = false
tracks/2/keys = {
"times": PackedFloat32Array(0),
"transitions": PackedFloat32Array(1),
"update": 1,
"values": [3]
}
tracks/3/type = "value"
tracks/3/imported = false
tracks/3/enabled = true
tracks/3/path = NodePath("Sprite2D:visible")
tracks/3/interp = 1
tracks/3/loop_wrap = false
tracks/3/keys = {
"times": PackedFloat32Array(0),
"transitions": PackedFloat32Array(1),
"update": 1,
"values": [true]
}
tracks/4/type = "value"
tracks/4/imported = false
tracks/4/enabled = true
tracks/4/path = NodePath("Sprite2D:frame")
tracks/4/interp = 1
tracks/4/loop_wrap = false
tracks/4/keys = {
"times": PackedFloat32Array(0, 0.1, 0.2, 0.3, 0.4, 0.5, 0.6, 0.7),
"transitions": PackedFloat32Array(1, 1, 1, 1, 1, 1, 1, 1),
"update": 1,
"values": [0, 1, 2, 3, 4, 5, 6, 7]
}

[sub_resource type="Animation" id="Animation_aj4q6"]
length = 0.1
loop_mode = 1
tracks/0/type = "value"
tracks/0/imported = false
tracks/0/enabled = true
tracks/0/path = NodePath("Sprite2D:texture")
tracks/0/interp = 1
tracks/0/loop_wrap = false
tracks/0/keys = {
"times": PackedFloat32Array(0),
"transitions": PackedFloat32Array(1),
"update": 1,
"values": [ExtResource("1_dj81i")]
}
tracks/1/type = "value"
tracks/1/imported = false
tracks/1/enabled = true
tracks/1/path = NodePath("Sprite2D:hframes")
tracks/1/interp = 1
tracks/1/loop_wrap = false
tracks/1/keys = {
"times": PackedFloat32Array(0),
"transitions": PackedFloat32Array(1),
"update": 1,
"values": [3]
}
tracks/2/type = "value"
tracks/2/imported = false
tracks/2/enabled = true
tracks/2/path = NodePath("Sprite2D:vframes")
tracks/2/interp = 1
tracks/2/loop_wrap = false
tracks/2/keys = {
"times": PackedFloat32Array(0),
"transitions": PackedFloat32Array(1),
"update": 1,
"values": [3]
}
tracks/3/type = "value"
tracks/3/imported = false
tracks/3/enabled = true
tracks/3/path = NodePath("Sprite2D:visible")
tracks/3/interp = 1
tracks/3/loop_wrap = false
tracks/3/keys = {
"times": PackedFloat32Array(0),
"transitions": PackedFloat32Array(1),
"update": 1,
"values": [true]
}
tracks/4/type = "value"
tracks/4/imported = false
tracks/4/enabled = true
tracks/4/path = NodePath("Sprite2D:frame")
tracks/4/interp = 1
tracks/4/loop_wrap = false
tracks/4/keys = {
"times": PackedFloat32Array(0),
"transitions": PackedFloat32Array(1),
"update": 1,
"values": [0]
}

[sub_resource type="Animation" id="Animation_h21l2"]
length = 0.1
loop_mode = 1
tracks/0/type = "value"
tracks/0/imported = false
tracks/0/enabled = true
tracks/0/path = NodePath("Sprite2D:texture")
tracks/0/interp = 1
tracks/0/loop_wrap = false
tracks/0/keys = {
"times": PackedFloat32Array(0),
"transitions": PackedFloat32Array(1),
"update": 1,
"values": [ExtResource("1_dj81i")]
}
tracks/1/type = "value"
tracks/1/imported = false
tracks/1/enabled = true
tracks/1/path = NodePath("Sprite2D:hframes")
tracks/1/interp = 1
tracks/1/loop_wrap = false
tracks/1/keys = {
"times": PackedFloat32Array(0),
"transitions": PackedFloat32Array(1),
"update": 1,
"values": [3]
}
tracks/2/type = "value"
tracks/2/imported = false
tracks/2/enabled = true
tracks/2/path = NodePath("Sprite2D:vframes")
tracks/2/interp = 1
tracks/2/loop_wrap = false
tracks/2/keys = {
"times": PackedFloat32Array(0),
"transitions": PackedFloat32Array(1),
"update": 1,
"values": [3]
}
tracks/3/type = "value"
tracks/3/imported = false
tracks/3/enabled = true
tracks/3/path = NodePath("Sprite2D:visible")
tracks/3/interp = 1
tracks/3/loop_wrap = false
tracks/3/keys = {
"times": PackedFloat32Array(0),
"transitions": PackedFloat32Array(1),
"update": 1,
"values": [true]
}
tracks/4/type = "value"
tracks/4/imported = false
tracks/4/enabled = true
tracks/4/path = NodePath("Sprite2D:frame")
tracks/4/interp = 1
tracks/4/loop_wrap = false
tracks/4/keys = {
"times": PackedFloat32Array(0),
"transitions": PackedFloat32Array(1),
"update": 1,
"values": [1]
}

[sub_resource type="Animation" id="Animation_f6u0x"]
length = 0.1
loop_mode = 1
tracks/0/type = "value"
tracks/0/imported = false
tracks/0/enabled = true
tracks/0/path = NodePath("Sprite2D:texture")
tracks/0/interp = 1
tracks/0/loop_wrap = false
tracks/0/keys = {
"times": PackedFloat32Array(0),
"transitions": PackedFloat32Array(1),
"update": 1,
"values": [ExtResource("1_dj81i")]
}
tracks/1/type = "value"
tracks/1/imported = false
tracks/1/enabled = true
tracks/1/path = NodePath("Sprite2D:hframes")
tracks/1/interp = 1
tracks/1/loop_wrap = false
tracks/1/keys = {
"times": PackedFloat32Array(0),
"transitions": PackedFloat32Array(1),
"update": 1,
"values": [3]
}
tracks/2/type = "value"
tracks/2/imported = false
tracks/2/enabled = true
tracks/2/path = NodePath("Sprite2D:vframes")
tracks/2/interp = 1
tracks/2/loop_wrap = false
tracks/2/keys = {
"times": PackedFloat32Array(0),
"transitions": PackedFloat32Array(1),
"update": 1,
"values": [3]
}
tracks/3/type = "value"
tracks/3/imported = false
tracks/3/enabled = true
tracks/3/path = NodePath("Sprite2D:visible")
tracks/3/interp = 1
tracks/3/loop_wrap = false
tracks/3/keys = {
"times": PackedFloat32Array(0),
"transitions": PackedFloat32Array(1),
"update": 1,
"values": [true]
}
tracks/4/type = "value"
tracks/4/imported = false
tracks/4/enabled = true
tracks/4/path = NodePath("Sprite2D:frame")
tracks/4/interp = 1
tracks/4/loop_wrap = false
tracks/4/keys = {
"times": PackedFloat32Array(0),
"transitions": PackedFloat32Array(1),
"update": 1,
"values": [2]
}

[sub_resource type="Animation" id="Animation_4egsh"]
length = 0.1
loop_mode = 1
tracks/0/type = "value"
tracks/0/imported = false
tracks/0/enabled = true
tracks/0/path = NodePath("Sprite2D:texture")
tracks/0/interp = 1
tracks/0/loop_wrap = false
tracks/0/keys = {
"times": PackedFloat32Array(0),
"transitions": PackedFloat32Array(1),
"update": 1,
"values": [ExtResource("1_dj81i")]
}
tracks/1/type = "value"
tracks/1/imported = false
tracks/1/enabled = true
tracks/1/path = NodePath("Sprite2D:hframes")
tracks/1/interp = 1
tracks/1/loop_wrap = false
tracks/1/keys = {
"times": PackedFloat32Array(0),
"transitions": PackedFloat32Array(1),
"update": 1,
"values": [3]
}
tracks/2/type = "value"
tracks/2/imported = false
tracks/2/enabled = true
tracks/2/path = NodePath("Sprite2D:vframes")
tracks/2/interp = 1
tracks/2/loop_wrap = false
tracks/2/keys = {
"times": PackedFloat32Array(0),
"transitions": PackedFloat32Array(1),
"update": 1,
"values": [3]
}
tracks/3/type = "value"
tracks/3/imported = false
tracks/3/enabled = true
tracks/3/path = NodePath("Sprite2D:visible")
tracks/3/interp = 1
tracks/3/loop_wrap = false
tracks/3/keys = {
"times": PackedFloat32Array(0),
"transitions": PackedFloat32Array(1),
"update": 1,
"values": [true]
}
tracks/4/type = "value"
tracks/4/imported = false
tracks/4/enabled = true
tracks/4/path = NodePath("Sprite2D:frame")
tracks/4/interp = 1
tracks/4/loop_wrap = false
tracks/4/keys = {
"times": PackedFloat32Array(0),
"transitions": PackedFloat32Array(1),
"update": 1,
"values": [3]
}

[sub_resource type="Animation" id="Animation_8m2pi"]
length = 0.1
loop_mode = 1
tracks/0/type = "value"
tracks/0/imported = false
tracks/0/enabled = true
tracks/0/path = NodePath("Sprite2D:texture")
tracks/0/interp = 1
tracks/0/loop_wrap = false
tracks/0/keys = {
"times": PackedFloat32Array(0),
"transitions": PackedFloat32Array(1),
"update": 1,
"values": [ExtResource("1_dj81i")]
}
tracks/1/type = "value"
tracks/1/imported = false
tracks/1/enabled = true
tracks/1/path = NodePath("Sprite2D:hframes")
tracks/1/interp = 1
tracks/1/loop_wrap = false
tracks/1/keys = {
"times": PackedFloat32Array(0),
"transitions": PackedFloat32Array(1),
"update": 1,
"values": [3]
}
tracks/2/type = "value"
tracks/2/imported = false
tracks/2/enabled = true
tracks/2/path = NodePath("Sprite2D:vframes")
tracks/2/interp = 1
tracks/2/loop_wrap = false
tracks/2/keys = {
"times": PackedFloat32Array(0),
"transitions": PackedFloat32Array(1),
"update": 1,
"values": [3]
}
tracks/3/type = "value"
tracks/3/imported = false
tracks/3/enabled = true
tracks/3/path = NodePath("Sprite2D:visible")
tracks/3/interp = 1
tracks/3/loop_wrap = false
tracks/3/keys = {
"times": PackedFloat32Array(0),
"transitions": PackedFloat32Array(1),
"update": 1,
"values": [true]
}
tracks/4/type = "value"
tracks/4/imported = false
tracks/4/enabled = true
tracks/4/path = NodePath("Sprite2D:frame")
tracks/4/interp = 1
tracks/4/loop_wrap = false
tracks/4/keys = {
"times": PackedFloat32Array(0),
"transitions": PackedFloat32Array(1),
"update": 1,
"values": [4]
}

[sub_resource type="Animation" id="Animation_dogw4"]
length = 0.1
loop_mode = 1
tracks/0/type = "value"
tracks/0/imported = false
tracks/0/enabled = true
tracks/0/path = NodePath("Sprite2D:texture")
tracks/0/interp = 1
tracks/0/loop_wrap = false
tracks/0/keys = {
"times": PackedFloat32Array(0),
"transitions": PackedFloat32Array(1),
"update": 1,
"values": [ExtResource("1_dj81i")]
}
tracks/1/type = "value"
tracks/1/imported = false
tracks/1/enabled = true
tracks/1/path = NodePath("Sprite2D:hframes")
tracks/1/interp = 1
tracks/1/loop_wrap = false
tracks/1/keys = {
"times": PackedFloat32Array(0),
"transitions": PackedFloat32Array(1),
"update": 1,
"values": [3]
}
tracks/2/type = "value"
tracks/2/imported = false
tracks/2/enabled = true
tracks/2/path = NodePath("Sprite2D:vframes")
tracks/2/interp = 1
tracks/2/loop_wrap = false
tracks/2/keys = {
"times": PackedFloat32Array(0),
"transitions": PackedFloat32Array(1),
"update": 1,
"values": [3]
}
tracks/3/type = "value"
tracks/3/imported = false
tracks/3/enabled = true
tracks/3/path = NodePath("Sprite2D:visible")
tracks/3/interp = 1
tracks/3/loop_wrap = false
tracks/3/keys = {
"times": PackedFloat32Array(0),
"transitions": PackedFloat32Array(1),
"update": 1,
"values": [true]
}
tracks/4/type = "value"
tracks/4/imported = false
tracks/4/enabled = true
tracks/4/path = NodePath("Sprite2D:frame")
tracks/4/interp = 1
tracks/4/loop_wrap = false
tracks/4/keys = {
"times": PackedFloat32Array(0),
"transitions": PackedFloat32Array(1),
"update": 1,
"values": [5]
}

[sub_resource type="Animation" id="Animation_5x1x1"]
length = 0.1
loop_mode = 1
tracks/0/type = "value"
tracks/0/imported = false
tracks/0/enabled = true
tracks/0/path = NodePath("Sprite2D:texture")
tracks/0/interp = 1
tracks/0/loop_wrap = false
tracks/0/keys = {
"times": PackedFloat32Array(0),
"transitions": PackedFloat32Array(1),
"update": 1,
"values": [ExtResource("1_dj81i")]
}
tracks/1/type = "value"
tracks/1/imported = false
tracks/1/enabled = true
tracks/1/path = NodePath("Sprite2D:hframes")
tracks/1/interp = 1
tracks/1/loop_wrap = false
tracks/1/keys = {
"times": PackedFloat32Array(0),
"transitions": PackedFloat32Array(1),
"update": 1,
"values": [3]
}
tracks/2/type = "value"
tracks/2/imported = false
tracks/2/enabled = true
tracks/2/path = NodePath("Sprite2D:vframes")
tracks/2/interp = 1
tracks/2/loop_wrap = false
tracks/2/keys = {
"times": PackedFloat32Array(0),
"transitions": PackedFloat32Array(1),
"update": 1,
"values": [3]
}
tracks/3/type = "value"
tracks/3/imported = false
tracks/3/enabled = true
tracks/3/path = NodePath("Sprite2D:visible")
tracks/3/interp = 1
tracks/3/loop_wrap = false
tracks/3/keys = {
"times": PackedFloat32Array(0),
"transitions": PackedFloat32Array(1),
"update": 1,
"values": [true]
}
tracks/4/type = "value"
tracks/4/imported = false
tracks/4/enabled = true
tracks/4/path = NodePath("Sprite2D:frame")
tracks/4/interp = 1
tracks/4/loop_wrap = false
tracks/4/keys = {
"times": PackedFloat32Array(0),
"transitions": PackedFloat32Array(1),
"update": 1,
"values": [6]
}

[sub_resource type="Animation" id="Animation_ktee4"]
length = 0.1
loop_mode = 1
tracks/0/type = "value"
tracks/0/imported = false
tracks/0/enabled = true
tracks/0/path = NodePath("Sprite2D:texture")
tracks/0/interp = 1
tracks/0/loop_wrap = false
tracks/0/keys = {
"times": PackedFloat32Array(0),
"transitions": PackedFloat32Array(1),
"update": 1,
"values": [ExtResource("1_dj81i")]
}
tracks/1/type = "value"
tracks/1/imported = false
tracks/1/enabled = true
tracks/1/path = NodePath("Sprite2D:hframes")
tracks/1/interp = 1
tracks/1/loop_wrap = false
tracks/1/keys = {
"times": PackedFloat32Array(0),
"transitions": PackedFloat32Array(1),
"update": 1,
"values": [3]
}
tracks/2/type = "value"
tracks/2/imported = false
tracks/2/enabled = true
tracks/2/path = NodePath("Sprite2D:vframes")
tracks/2/interp = 1
tracks/2/loop_wrap = false
tracks/2/keys = {
"times": PackedFloat32Array(0),
"transitions": PackedFloat32Array(1),
"update": 1,
"values": [3]
}
tracks/3/type = "value"
tracks/3/imported = false
tracks/3/enabled = true
tracks/3/path = NodePath("Sprite2D:visible")
tracks/3/interp = 1
tracks/3/loop_wrap = false
tracks/3/keys = {
"times": PackedFloat32Array(0),
"transitions": PackedFloat32Array(1),
"update": 1,
"values": [true]
}
tracks/4/type = "value"
tracks/4/imported = false
tracks/4/enabled = true
tracks/4/path = NodePath("Sprite2D:frame")
tracks/4/interp = 1
tracks/4/loop_wrap = false
tracks/4/keys = {
"times": PackedFloat32Array(0),
"transitions": PackedFloat32Array(1),
"update": 1,
"values": [7]
}

[sub_resource type="AnimationLibrary" id="AnimationLibrary_lgg1g"]
_data = {
"E1": SubResource("Animation_aj4q6"),
"E2": SubResource("Animation_h21l2"),
"E3": SubResource("Animation_f6u0x"),
"E4": SubResource("Animation_4egsh"),
"E5": SubResource("Animation_8m2pi"),
"E6": SubResource("Animation_dogw4"),
"E7": SubResource("Animation_5x1x1"),
"E8": SubResource("Animation_ktee4"),
"Loop": SubResource("Animation_l22uy")
}

[node name="RadioMarker" type="Node2D"]
position = Vector2(124, 109)

[node name="Sprite2D" type="Sprite2D" parent="."]
texture_filter = 1
texture = ExtResource("1_dj81i")
hframes = 3
vframes = 3
frame = 4
metadata/_aseprite_wizard_config_ = {
"keep_anim_length": false,
"layer": "",
"o_ex_p": "",
"o_folder": "res://assets/sprites/spritesheets",
"o_name": "",
"only_visible": true,
"op_exp": true,
"player": "AnimationPlayer",
"source": "res://assets/sprites/radio-indicator.ase"
}

[node name="AnimationPlayer" type="AnimationPlayer" parent="."]
autoplay = "E5"
libraries = {
"": SubResource("AnimationLibrary_lgg1g")
}
